@incollection{dijkstra2022note,
  title={A note on two problems in connexion with graphs},
  author={Dijkstra, Edsger W},
  booktitle={Edsger Wybe Dijkstra: His Life, Work, and Legacy},
  pages={287--290},
  year={2022}
}

@misc{noauthor_dijkstras_2020,
	title = {Dijkstra's {Shortest} {Path} {Algorithm} - {A} {Detailed} and {Visual} {Introduction}},
	url = {https://www.freecodecamp.org/news/dijkstras-shortest-path-algorithm-visual-introduction/},
	abstract = {Welcome! If you've always wanted to learn and understand Dijkstra's algorithm, then this article is for you. You will see how it works behind the scenes with a step-by-step graphical explanation.  You will learn:  * Basic Graph Concepts (a quick review).  * What Dijkstra's Algorithm is used},
	language = {en},
	urldate = {2022-12-04},
	journal = {freeCodeCamp.org},
	month = sep,
	year = {2020},
	file = {Snapshot:/Users/jorgegd07/Zotero/storage/WYW6REGI/dijkstras-shortest-path-algorithm-visual-introduction.html:text/html},
}

@misc{sanchez_mapa_2012,
	title = {Mapa del metro del {DF} con {RgoogleMaps}?},
	url = {https://mextatistics.wordpress.com/2012/05/10/mapa-del-metro-del-df-en-rgooglemaps/},
	abstract = {Al revisar la web del metro de la ciudad de México y después de estar husmeando las cifras de operación, me surgió la inquietud por realizar un mapa de las estaciones del metro del DF utilizando el…},
	language = {es},
	urldate = {2022-12-04},
	journal = {Mextadísticas},
	author = {Sanchez, Gaston},
	month = may,
	year = {2012},
	file = {Snapshot:/Users/jorgegd07/Zotero/storage/8AIZBD5Q/mapa-del-metro-del-df-en-rgooglemaps.html:text/html},
}

@misc{noauthor_dijkstra_path_nodate,
	title = {dijkstra\_path — {NetworkX} 2.8.8 documentation},
	url = {https://networkx.org/documentation/stable/reference/algorithms/generated/networkx.algorithms.shortest_paths.weighted.dijkstra_path.html},
	urldate = {2022-12-05},
	file = {dijkstra_path — NetworkX 2.8.8 documentation:/Users/jorgegd07/Zotero/storage/MGCWU4BU/networkx.algorithms.shortest_paths.weighted.dijkstra_path.html:text/html},
}

@misc{noauthor_optimizacion_nodate,
	title = {Optimización},
	url = {https://itam-ds.github.io/analisis-numerico-computo-cientifico/README.html},
	urldate = {2022-12-07},
	file = {Optimización:/Users/jorgegd07/Zotero/storage/CL7HH75J/README.html:text/html},
}

@incollection{festa2006shortest,
  title={Shortest path algorithms},
  author={Festa, Paola},
  booktitle={Handbook of optimization in telecommunications},
  pages={185--210},
  year={2006},
  publisher={Springer}
}
